% This file was created with JabRef 2.10.
% Encoding: Cp1252


@Article{des,
  Title                    = {The DES Algorithm Illustrated},
  Author                   = {Grabbe, J. Orlin Grabbe},
  Journal                  = {Laissez Faire City Times},
  Year                     = {},
  Number                   = {28},
  Volume                   = {2},

  Owner                    = {sam},
  Timestamp                = {2015.02.27}
}

@Article{Messerges,
  Title                    = {Investigations of Power Analysis Attacks on Smartcards},
  Author                   = {Messerges, Thomas S. Messerges, and Dabbish, Ezzy A. Dabbish, and Sloan, Robert H.},
  Journal                  = {USENIX Workshop on Smartcard Technology},
  Month                    = {May},
  Year                     = {1999},
  Number                   = {49},
  Pages                    = {14--16},
  Volume                   = {7},

  Owner                    = {sam},
  Timestamp                = {2015.02.27}
}


