% This file was created with JabRef 2.10.
% Encoding: Cp1252


@InProceedings{Kumar2008,
  Title                    = {Extended abstract: The butterfly PUF protecting IP on every FPGA},
  Author                   = {Kumar, S.S. and Guajardo, J. and Maes, R. and Schrijen, G.-J. and Tuyls, P.},
  Booktitle                = {Hardware-Oriented Security and Trust, 2008. HOST 2008. IEEE International Workshop on},
  Year                     = {2008},
  Month                    = {June},
  Pages                    = {67-70},

  Doi                      = {10.1109/HST.2008.4559053},
  Keywords                 = {SRAM chips;cryptography;field programmable gate arrays;integrated circuit design;logic design;FPGA;IP protection;bitstream encryption;butterfly physical unclonable functions;cryptographic operations;embedded SRAM memories;hardware designs;integrated circuits;volatile secret keys;Batteries;Circuits;Cryptography;Field programmable gate arrays;Inverters;Manufacturing processes;Nonvolatile memory;Protection;Random access memory;Security;FPGAs;IP Protection;Intrinsic PUFs;Physical Unclonable Functions;SRAM;cross-coupled circuits;identification;secret-key storage},
  Owner                    = {sam},
  Timestamp                = {2015.04.03}
}

