% This file was created with JabRef 2.10.
% Encoding: Cp1252


@Article{Dongarra1979,
  Title                    = {Unrolling loops in Fortran},
  Author                   = {Dongarra, Jack J and Hinds, A\_R},
  Journal                  = {Software: Practice and Experience},
  Year                     = {1979},
  Number                   = {3},
  Pages                    = {219--226},
  Volume                   = {9},

  Owner                    = {sam},
  Publisher                = {Wiley Online Library},
  Timestamp                = {2015.02.03}
}

@Electronic{simd,
  Title                    = {SIMD and other techniques for fast numerical programming with gcc},
  Author                   = {Bert Hubert},
  Language                 = {English},
  Note                     = {(Accessed: 4 February 2015)},
  Url                      = {ds9a.nl/gcc-simd/},
  Year                     = {2004},

  Owner                    = {sam},
  Timestamp                = {2015.02.04}
}

@Misc{openmp,
  Title                    = {{The OpenMP API specification for parallel programming}},

  Author                   = {{OpenMP Architecture Review Board}},
  HowPublished             = {\href{http://openmp.org/wp/}{\nolinkurl{http://openmp.org/wp/}}},
  Note                     = {[Online; accessed 02-Feb-2015]},
  Year                     = {2015}
}

@online{fpga,
ALTauthor = {Xilinx},
title = {Spartan-3E Family Data Sheet},
date = {July 19, 2013},
url = {http://www.xilinx.com/support/documentation/data_sheets/ds312.pdf},
OPTlanguage = {English},
OPTorganization = {Xilinx},
}


