% This file was created with JabRef 2.10.
% Encoding: Cp1252


@Article{checkoway2009can,
  Title                    = {Can DREs provide long-lasting security? The case of return-oriented programming and the AVC Advantage},
  Author                   = {Checkoway, Stephen and Feldman, Ariel J and Kantor, Brian and Halderman, J Alex and Felten, Edward W and Shacham, Hovav},
  Journal                  = {Proceedings of EVT/WOTE},
  Year                     = {2009},
  Volume                   = {2009},

  Owner                    = {sam},
  Timestamp                = {2015.02.27}
}

@Unpublished{Kunz,
  Title                    = {ROP on the ARM},
  Author                   = {Kunz, Trevor},

  Month                    = {February},
  Year                     = {2014},

  Owner                    = {sam},
  Timestamp                = {2015.02.27}
}

@Article{one1996smashing,
  Title                    = {Smashing the stack for fun and profit},
  Author                   = {One, Aleph},
  Journal                  = {Phrack magazine},
  Year                     = {1996},
  Number                   = {49},
  Pages                    = {14--16},
  Volume                   = {7},

  Owner                    = {sam},
  Timestamp                = {2015.02.27}
}

@InProceedings{shacham2007geometry,
  Title                    = {The geometry of innocent flesh on the bone: Return-into-libc without function calls (on the x86)},
  Author                   = {Shacham, Hovav},
  Booktitle                = {Proceedings of the 14th ACM conference on Computer and communications security},
  Year                     = {2007},
  Organization             = {ACM},
  Pages                    = {552--561},

  Owner                    = {sam},
  Timestamp                = {2015.02.27}
}

