% This file was created with JabRef 2.10.
% Encoding: Cp1252


@InProceedings{banga2009novel,
  Title                    = {A novel sustained vector technique for the detection of hardware Trojans},
  Author                   = {Banga, Mainak and Hsiao, Michael S},
  Booktitle                = {VLSI Design, 2009 22nd International Conference on},
  Year                     = {2009},
  Organization             = {IEEE},
  Pages                    = {327--332},

  Owner                    = {sam},
  Timestamp                = {2015.05.01}
}

@InProceedings{jha2008randomization,
  Title                    = {Randomization based probabilistic approach to detect trojan circuits},
  Author                   = {Jha, Susmit},
  Booktitle                = {High Assurance Systems Engineering Symposium, 2008. HASE 2008. 11th IEEE},
  Year                     = {2008},
  Organization             = {IEEE},
  Pages                    = {117--124},

  Owner                    = {sam},
  Timestamp                = {2015.05.01}
}

@Article{karri2010trustworthy,
  Title                    = {Trustworthy hardware: Identifying and classifying hardware trojans},
  Author                   = {Karri, Ramesh and Rajendran, Jeyavijayan and Rosenfeld, Kurt and Tehranipoor, Mohammad},
  Journal                  = {Computer},
  Year                     = {2010},
  Number                   = {10},
  Pages                    = {39--46},

  Owner                    = {sam},
  Publisher                = {IEEE},
  Timestamp                = {2015.05.01}
}

@Electronic{McQueen2003,
  Title                    = {BASICDES},

  Address                  = {http://opencores.org/websvn,listing?repname=BasicDES\&path=\&},
  Author                   = {Steven R. McQueen},
  Month                    = {10},
  Note                     = {srmcqueen@opencores.org},
  Year                     = {2003},

  Owner                    = {sam},
  Timestamp                = {2015.04.30}
}

@InProceedings{wang2008detecting,
  Title                    = {Detecting malicious inclusions in secure hardware: Challenges and solutions},
  Author                   = {Wang, Xiaoxiao and Tehranipoor, Mohammad and Plusquellic, Jim},
  Booktitle                = {Hardware-Oriented Security and Trust, 2008. HOST 2008. IEEE International Workshop on},
  Year                     = {2008},
  Organization             = {IEEE},
  Pages                    = {15--19},

  Owner                    = {sam},
  Timestamp                = {2015.05.01}
}

@InProceedings{wolff2008towards,
  Title                    = {Towards Trojan-free trusted ICs: Problem analysis and detection scheme},
  Author                   = {Wolff, Francis and Papachristou, Chris and Bhunia, Swarup and Chakraborty, Rajat S},
  Booktitle                = {Proceedings of the conference on Design, automation and test in Europe},
  Year                     = {2008},
  Organization             = {ACM},
  Pages                    = {1362--1365},

  Owner                    = {sam},
  Timestamp                = {2015.05.01}
}

@Other{fpga,
  Title                    = {Spartan-3E Family Data Sheet},
  Altauthor                = {Xilinx},
  Date                     = {July 19, 2013},
  Optlanguage              = {English},
  Optorganization          = {Xilinx},
  Owner                    = {sam},
  Timestamp                = {2015.04.30},
  Url                      = {http://www.xilinx.com/support/documentation/data_sheets/ds312.pdf}
}

